@IEEEtranBSTCTL{bstctl:etal,
  CTLuse_forced_etal = {yes},
  CTLmax_names_forced_etal = {3},
}

@IEEEtranBSTCTL{bstctl:nodash,
  CTLdash_repeated_names = {no},
}

@IEEEtranBSTCTL{bstctl:simpurl,
  CTLname_url_prefix = {Available: },
}

@book{ fisher,
    author    = "Ronald Aylmer Fisher and Frank Yates",
    title     = "{Statistical tables for biological, agricultural and medical research}",
    year      = "1963",
    publisher = "Edinburgh: Oliver and Boyd",
    edition = "6th"
}

@misc{ chaudhuri,
       author = "Kamalika Chaudhuri and Brighten Godfrey and David Ratajczak and Hoeteck Wee",
       title = "On the Complexity of the Game of Set",
       year = "2003" }


@book{search_from_AI,
       author = "Stuary Russel and Peter Norvig",
       title = "Artificial Intelligence: A Modern Approach",
       year = "2002",
       publisher = "Prentice Hall",
       edition = "2nd" }


@misc{ jorquera,
      author = "Fernando San Martin Jorquera and Amanda Legge",
      title = "Set® Card Game SOlver using Image Processing Techniques on Smart-Phone Photos",
      year = "2013" }


@misc{ nolte,
      author = "Steve Nolte",
      title = "Javascript SET Game Solver"
     }


@misc{ norvig,
       author = "Peter Norvig",
       title = "The Odds of Finding a SET in The Card Game SET®",
       year = "2017" }

@article{SMTbackground,
   author = {De Moura, Leonardo and Bj{\o}rner, Nikolaj},
   title = {Satisfiability Modulo Theories: Introduction and Applications},
   journal = {Commun. ACM},
   issue_date = {September 2011},
   volume = {54},
   number = {9},
   month = sep,
   year = {2011},
   issn = {0001-0782},
   pages = {69--77},
   numpages = {9},
   url = {http://doi.acm.org/10.1145/1995376.1995394},
   doi = {10.1145/1995376.1995394},
   acmid = {1995394},
   publisher = {ACM},
   address = {New York, NY, USA},
} 


